@misc{
    genrawaudio,
    title={{Generating music in the waveform domain}},
    author={Sander Dieleman},
    note={{\footnotesize\url{https://benanne.github.io/2020/03/24/audio-generation.html}}},
    year={2020}
}

@misc{
      pixelrnn,
      title={{Pixel Recurrent Neural Networks}},
      author={Aaron van den Oord and Nal Kalchbrenner and Koray Kavukcuoglu},
      year={2016},
      eprint={1601.06759},
      archivePrefix={arXiv},
      primaryClass={cs.CV}
}

@misc{
      pixelcnn,
      title={{Conditional Image Generation with PixelCNN Decoders}},
      author={Aaron van den Oord and Nal Kalchbrenner and Oriol Vinyals and Lasse Espeholt and Alex Graves and Koray Kavukcuoglu},
      year={2016},
      eprint={1606.05328},
      archivePrefix={arXiv},
      primaryClass={cs.CV}
}

@misc{
      residual,
      title={{Deep Residual Learning for Image Recognition}},
      author={Kaiming He and Xiangyu Zhang and Shaoqing Ren and Jian Sun},
      year={2015},
      eprint={1512.03385},
      archivePrefix={arXiv},
      primaryClass={cs.CV}
}
