@inproceedings{
    onsetandframes,
    title={{Onsets and Frames: Dual-Objective Piano Transcription}},
    author={Curtis Hawthorne and Erich Elsen and Jialin Song and Adam Roberts and Ian Simon and Colin Raffel and Jesse Engel and Sageev Oore and Douglas Eck},
    year={2018},
    URL={https://arxiv.org/abs/1710.11153},
    booktitle={Proceedings of the 19th International Society for Music Information Retrieval Conference, ISMIR 2018, Paris, France, 2018}
}

@inproceedings{
    musictransformer,
    title={{Music Transformer: Generating Music with Long-Term Structure}},
    author={Huang, Cheng-Zhi Anna and Vaswani, Ashish and Uszkoreit, Jakob and Simon, Ian and Hawthorne, Curtis and Shazeer, Noam and Dai, Andrew M and Hoffman, Matthew D and Dinculescu, Monica and Eck, Douglas},
    booktitle={International Conference on Learning Representations},
    year={2018}
}

@article{
    wavenet,
    title={{WaveNet: A Generative Model for Raw Audio}},
    author={Oord, Aaron van den and Dieleman, Sander and Zen, Heiga and Simonyan, Karen and Vinyals, Oriol and Graves, Alex and Kalchbrenner, Nal and Senior, Andrew and Kavukcuoglu, Koray},
    journal={arXiv preprint arXiv:1609.03499},
    year={2016}
}
