@misc{
    ndrl,
    title={{Neural Discrete Representation Learning}},
    author={Aaron van den Oord and Oriol Vinyals and Koray Kavukcuoglu},
    year={2017},
    eprint={1711.00937},
    archivePrefix={arXiv},
    primaryClass={cs.LG}
}

@misc{
    gdhfiv2,
    title={{Generating Diverse High-Fidelity Images with VQ-VAE-2}},
    author={Ali Razavi and Aaron van den Oord and Oriol Vinyals},
    year={2019},
    eprint={1906.00446},
    archivePrefix={arXiv},
    primaryClass={cs.LG}
}
